%YAML 1.1
%TAG !u! tag:unity3d.com,2011:
--- !u!1 &3217679269985571642
GameObject:
  m_ObjectHideFlags: 0
  m_CorrespondingSourceObject: {fileID: 0}
  m_PrefabInstance: {fileID: 0}
  m_PrefabAsset: {fileID: 0}
  serializedVersion: 6
  m_Component:
  - component: {fileID: 3217679269985571643}
  - component: {fileID: 3217679269985571640}
  m_Layer: 0
  m_Name: Chunk_15
  m_TagString: Untagged
  m_Icon: {fileID: 0}
  m_NavMeshLayer: 0
  m_StaticEditorFlags: 0
  m_IsActive: 1
--- !u!4 &3217679269985571643
Transform:
  m_ObjectHideFlags: 0
  m_CorrespondingSourceObject: {fileID: 0}
  m_PrefabInstance: {fileID: 0}
  m_PrefabAsset: {fileID: 0}
  m_GameObject: {fileID: 3217679269985571642}
  m_LocalRotation: {x: 0, y: 0, z: 0, w: 1}
  m_LocalPosition: {x: 0, y: 12, z: 0}
  m_LocalScale: {x: 1, y: 1, z: 1}
  m_Children:
  - {fileID: 2732028147979972297}
  - {fileID: 3009319094734253274}
  - {fileID: 380454056559016328}
  - {fileID: 3217679270554548193}
  - {fileID: 3217679270322078079}
  m_Father: {fileID: 0}
  m_RootOrder: 0
  m_LocalEulerAnglesHint: {x: 0, y: 0, z: 0}
--- !u!114 &3217679269985571640
MonoBehaviour:
  m_ObjectHideFlags: 0
  m_CorrespondingSourceObject: {fileID: 0}
  m_PrefabInstance: {fileID: 0}
  m_PrefabAsset: {fileID: 0}
  m_GameObject: {fileID: 3217679269985571642}
  m_Enabled: 1
  m_EditorHideFlags: 0
  m_Script: {fileID: 11500000, guid: 5dbd2590d4169a44baead607b8d86476, type: 3}
  m_Name: 
  m_EditorClassIdentifier: 
  Begin: {fileID: 3217679270554548193}
  End: {fileID: 3217679270322078079}
  ChanceFromDistance:
    serializedVersion: 2
    m_Curve:
    - serializedVersion: 3
      time: 0
      value: 0.1
      inSlope: 0.003
      outSlope: 0.003
      tangentMode: 34
      weightedMode: 0
      inWeight: 0
      outWeight: 0.33333334
    - serializedVersion: 3
      time: 300
      value: 1
      inSlope: 0.003
      outSlope: 0.003
      tangentMode: 34
      weightedMode: 0
      inWeight: 0.33333334
      outWeight: 0
    m_PreInfinity: 2
    m_PostInfinity: 2
    m_RotationOrder: 4
--- !u!1 &3217679270322078078
GameObject:
  m_ObjectHideFlags: 0
  m_CorrespondingSourceObject: {fileID: 0}
  m_PrefabInstance: {fileID: 0}
  m_PrefabAsset: {fileID: 0}
  serializedVersion: 6
  m_Component:
  - component: {fileID: 3217679270322078079}
  m_Layer: 0
  m_Name: End
  m_TagString: Untagged
  m_Icon: {fileID: 0}
  m_NavMeshLayer: 0
  m_StaticEditorFlags: 0
  m_IsActive: 1
--- !u!4 &3217679270322078079
Transform:
  m_ObjectHideFlags: 0
  m_CorrespondingSourceObject: {fileID: 0}
  m_PrefabInstance: {fileID: 0}
  m_PrefabAsset: {fileID: 0}
  m_GameObject: {fileID: 3217679270322078078}
  m_LocalRotation: {x: -0, y: -0, z: -0, w: 1}
  m_LocalPosition: {x: 0, y: 7.5, z: 0}
  m_LocalScale: {x: 1, y: 1, z: 1}
  m_Children: []
  m_Father: {fileID: 3217679269985571643}
  m_RootOrder: 4
  m_LocalEulerAnglesHint: {x: 0, y: 0, z: 0}
--- !u!1 &3217679270554548192
GameObject:
  m_ObjectHideFlags: 0
  m_CorrespondingSourceObject: {fileID: 0}
  m_PrefabInstance: {fileID: 0}
  m_PrefabAsset: {fileID: 0}
  serializedVersion: 6
  m_Component:
  - component: {fileID: 3217679270554548193}
  m_Layer: 0
  m_Name: Begin
  m_TagString: Untagged
  m_Icon: {fileID: 0}
  m_NavMeshLayer: 0
  m_StaticEditorFlags: 0
  m_IsActive: 1
--- !u!4 &3217679270554548193
Transform:
  m_ObjectHideFlags: 0
  m_CorrespondingSourceObject: {fileID: 0}
  m_PrefabInstance: {fileID: 0}
  m_PrefabAsset: {fileID: 0}
  m_GameObject: {fileID: 3217679270554548192}
  m_LocalRotation: {x: -0, y: -0, z: -0, w: 1}
  m_LocalPosition: {x: 0, y: -5, z: 0}
  m_LocalScale: {x: 1, y: 1, z: 1}
  m_Children: []
  m_Father: {fileID: 3217679269985571643}
  m_RootOrder: 3
  m_LocalEulerAnglesHint: {x: 0, y: 0, z: 0}
--- !u!1001 &3217679270059768530
PrefabInstance:
  m_ObjectHideFlags: 0
  serializedVersion: 2
  m_Modification:
    m_TransformParent: {fileID: 3217679269985571643}
    m_Modifications:
    - target: {fileID: 3017652325876663130, guid: 97b1d8beffce75d4ca6328d6a123f510,
        type: 3}
      propertyPath: m_LocalPosition.x
      value: -3.35
      objectReference: {fileID: 0}
    - target: {fileID: 3017652325876663130, guid: 97b1d8beffce75d4ca6328d6a123f510,
        type: 3}
      propertyPath: m_LocalPosition.y
      value: 2
      objectReference: {fileID: 0}
    - target: {fileID: 3017652325876663130, guid: 97b1d8beffce75d4ca6328d6a123f510,
        type: 3}
      propertyPath: m_LocalPosition.z
      value: 0
      objectReference: {fileID: 0}
    - target: {fileID: 3017652325876663130, guid: 97b1d8beffce75d4ca6328d6a123f510,
        type: 3}
      propertyPath: m_LocalRotation.x
      value: -0
      objectReference: {fileID: 0}
    - target: {fileID: 3017652325876663130, guid: 97b1d8beffce75d4ca6328d6a123f510,
        type: 3}
      propertyPath: m_LocalRotation.y
      value: -0
      objectReference: {fileID: 0}
    - target: {fileID: 3017652325876663130, guid: 97b1d8beffce75d4ca6328d6a123f510,
        type: 3}
      propertyPath: m_LocalRotation.z
      value: 0.3420201
      objectReference: {fileID: 0}
    - target: {fileID: 3017652325876663130, guid: 97b1d8beffce75d4ca6328d6a123f510,
        type: 3}
      propertyPath: m_LocalRotation.w
      value: 0.9396927
      objectReference: {fileID: 0}
    - target: {fileID: 3017652325876663130, guid: 97b1d8beffce75d4ca6328d6a123f510,
        type: 3}
      propertyPath: m_RootOrder
      value: 2
      objectReference: {fileID: 0}
    - target: {fileID: 3017652325876663130, guid: 97b1d8beffce75d4ca6328d6a123f510,
        type: 3}
      propertyPath: m_LocalEulerAnglesHint.x
      value: 0
      objectReference: {fileID: 0}
    - target: {fileID: 3017652325876663130, guid: 97b1d8beffce75d4ca6328d6a123f510,
        type: 3}
      propertyPath: m_LocalEulerAnglesHint.y
      value: 0
      objectReference: {fileID: 0}
    - target: {fileID: 3017652325876663130, guid: 97b1d8beffce75d4ca6328d6a123f510,
        type: 3}
      propertyPath: m_LocalEulerAnglesHint.z
      value: 40
      objectReference: {fileID: 0}
    - target: {fileID: 3017652325876663134, guid: 97b1d8beffce75d4ca6328d6a123f510,
        type: 3}
      propertyPath: m_ConnectedAnchor.x
      value: -3.5935287
      objectReference: {fileID: 0}
    - target: {fileID: 3017652325876663134, guid: 97b1d8beffce75d4ca6328d6a123f510,
        type: 3}
      propertyPath: m_ConnectedAnchor.y
      value: 12.189992
      objectReference: {fileID: 0}
    - target: {fileID: 3017652325876663135, guid: 97b1d8beffce75d4ca6328d6a123f510,
        type: 3}
      propertyPath: m_Name
      value: Scythe_left
      objectReference: {fileID: 0}
    m_RemovedComponents: []
  m_SourcePrefab: {fileID: 100100000, guid: 97b1d8beffce75d4ca6328d6a123f510, type: 3}
--- !u!4 &380454056559016328 stripped
Transform:
  m_CorrespondingSourceObject: {fileID: 3017652325876663130, guid: 97b1d8beffce75d4ca6328d6a123f510,
    type: 3}
  m_PrefabInstance: {fileID: 3217679270059768530}
  m_PrefabAsset: {fileID: 0}
--- !u!1001 &3217679270686852124
PrefabInstance:
  m_ObjectHideFlags: 0
  serializedVersion: 2
  m_Modification:
    m_TransformParent: {fileID: 3217679269985571643}
    m_Modifications:
    - target: {fileID: 670300906605734609, guid: 30556ed56b1aff043973ca41c85a257a,
        type: 3}
      propertyPath: m_Name
      value: Scythe_right
      objectReference: {fileID: 0}
    - target: {fileID: 670300906605734610, guid: 30556ed56b1aff043973ca41c85a257a,
        type: 3}
      propertyPath: m_ConnectedAnchor.x
      value: 3.5935314
      objectReference: {fileID: 0}
    - target: {fileID: 670300906605734610, guid: 30556ed56b1aff043973ca41c85a257a,
        type: 3}
      propertyPath: m_ConnectedAnchor.y
      value: 9.690002
      objectReference: {fileID: 0}
    - target: {fileID: 670300906605734613, guid: 30556ed56b1aff043973ca41c85a257a,
        type: 3}
      propertyPath: m_LocalPosition.x
      value: 3.35
      objectReference: {fileID: 0}
    - target: {fileID: 670300906605734613, guid: 30556ed56b1aff043973ca41c85a257a,
        type: 3}
      propertyPath: m_LocalPosition.y
      value: -0.5
      objectReference: {fileID: 0}
    - target: {fileID: 670300906605734613, guid: 30556ed56b1aff043973ca41c85a257a,
        type: 3}
      propertyPath: m_LocalPosition.z
      value: 0
      objectReference: {fileID: 0}
    - target: {fileID: 670300906605734613, guid: 30556ed56b1aff043973ca41c85a257a,
        type: 3}
      propertyPath: m_LocalRotation.x
      value: -0
      objectReference: {fileID: 0}
    - target: {fileID: 670300906605734613, guid: 30556ed56b1aff043973ca41c85a257a,
        type: 3}
      propertyPath: m_LocalRotation.y
      value: -0
      objectReference: {fileID: 0}
    - target: {fileID: 670300906605734613, guid: 30556ed56b1aff043973ca41c85a257a,
        type: 3}
      propertyPath: m_LocalRotation.z
      value: -0.3420201
      objectReference: {fileID: 0}
    - target: {fileID: 670300906605734613, guid: 30556ed56b1aff043973ca41c85a257a,
        type: 3}
      propertyPath: m_LocalRotation.w
      value: 0.9396927
      objectReference: {fileID: 0}
    - target: {fileID: 670300906605734613, guid: 30556ed56b1aff043973ca41c85a257a,
        type: 3}
      propertyPath: m_RootOrder
      value: 0
      objectReference: {fileID: 0}
    - target: {fileID: 670300906605734613, guid: 30556ed56b1aff043973ca41c85a257a,
        type: 3}
      propertyPath: m_LocalEulerAnglesHint.x
      value: 0
      objectReference: {fileID: 0}
    - target: {fileID: 670300906605734613, guid: 30556ed56b1aff043973ca41c85a257a,
        type: 3}
      propertyPath: m_LocalEulerAnglesHint.y
      value: 0
      objectReference: {fileID: 0}
    - target: {fileID: 670300906605734613, guid: 30556ed56b1aff043973ca41c85a257a,
        type: 3}
      propertyPath: m_LocalEulerAnglesHint.z
      value: -40
      objectReference: {fileID: 0}
    m_RemovedComponents: []
  m_SourcePrefab: {fileID: 100100000, guid: 30556ed56b1aff043973ca41c85a257a, type: 3}
--- !u!4 &2732028147979972297 stripped
Transform:
  m_CorrespondingSourceObject: {fileID: 670300906605734613, guid: 30556ed56b1aff043973ca41c85a257a,
    type: 3}
  m_PrefabInstance: {fileID: 3217679270686852124}
  m_PrefabAsset: {fileID: 0}
--- !u!1001 &3217679271850446420
PrefabInstance:
  m_ObjectHideFlags: 0
  serializedVersion: 2
  m_Modification:
    m_TransformParent: {fileID: 3217679269985571643}
    m_Modifications:
    - target: {fileID: 388508010506871434, guid: db628899b7974f34d938f1d79a81a678,
        type: 3}
      propertyPath: isCircle
      value: 1
      objectReference: {fileID: 0}
    - target: {fileID: 388508010506871434, guid: db628899b7974f34d938f1d79a81a678,
        type: 3}
      propertyPath: isMoving
      value: 0
      objectReference: {fileID: 0}
    - target: {fileID: 388508010506871434, guid: db628899b7974f34d938f1d79a81a678,
        type: 3}
      propertyPath: moveSpeed
      value: 2.5
      objectReference: {fileID: 0}
    - target: {fileID: 388508010506871437, guid: db628899b7974f34d938f1d79a81a678,
        type: 3}
      propertyPath: m_Name
      value: Saw
      objectReference: {fileID: 0}
    - target: {fileID: 388508010506871438, guid: db628899b7974f34d938f1d79a81a678,
        type: 3}
      propertyPath: m_LocalPosition.x
      value: 0
      objectReference: {fileID: 0}
    - target: {fileID: 388508010506871438, guid: db628899b7974f34d938f1d79a81a678,
        type: 3}
      propertyPath: m_LocalPosition.y
      value: 4.5
      objectReference: {fileID: 0}
    - target: {fileID: 388508010506871438, guid: db628899b7974f34d938f1d79a81a678,
        type: 3}
      propertyPath: m_LocalPosition.z
      value: 0
      objectReference: {fileID: 0}
    - target: {fileID: 388508010506871438, guid: db628899b7974f34d938f1d79a81a678,
        type: 3}
      propertyPath: m_LocalRotation.x
      value: -0
      objectReference: {fileID: 0}
    - target: {fileID: 388508010506871438, guid: db628899b7974f34d938f1d79a81a678,
        type: 3}
      propertyPath: m_LocalRotation.y
      value: -0
      objectReference: {fileID: 0}
    - target: {fileID: 388508010506871438, guid: db628899b7974f34d938f1d79a81a678,
        type: 3}
      propertyPath: m_LocalRotation.z
      value: -0
      objectReference: {fileID: 0}
    - target: {fileID: 388508010506871438, guid: db628899b7974f34d938f1d79a81a678,
        type: 3}
      propertyPath: m_LocalRotation.w
      value: 1
      objectReference: {fileID: 0}
    - target: {fileID: 388508010506871438, guid: db628899b7974f34d938f1d79a81a678,
        type: 3}
      propertyPath: m_RootOrder
      value: 1
      objectReference: {fileID: 0}
    - target: {fileID: 388508010506871438, guid: db628899b7974f34d938f1d79a81a678,
        type: 3}
      propertyPath: m_LocalEulerAnglesHint.x
      value: 0
      objectReference: {fileID: 0}
    - target: {fileID: 388508010506871438, guid: db628899b7974f34d938f1d79a81a678,
        type: 3}
      propertyPath: m_LocalEulerAnglesHint.y
      value: 0
      objectReference: {fileID: 0}
    - target: {fileID: 388508010506871438, guid: db628899b7974f34d938f1d79a81a678,
        type: 3}
      propertyPath: m_LocalEulerAnglesHint.z
      value: 0
      objectReference: {fileID: 0}
    m_RemovedComponents: []
  m_SourcePrefab: {fileID: 100100000, guid: db628899b7974f34d938f1d79a81a678, type: 3}
--- !u!4 &3009319094734253274 stripped
Transform:
  m_CorrespondingSourceObject: {fileID: 388508010506871438, guid: db628899b7974f34d938f1d79a81a678,
    type: 3}
  m_PrefabInstance: {fileID: 3217679271850446420}
  m_PrefabAsset: {fileID: 0}
