%YAML 1.1
%TAG !u! tag:unity3d.com,2011:
--- !u!1 &3030229337049139306
GameObject:
  m_ObjectHideFlags: 0
  m_CorrespondingSourceObject: {fileID: 0}
  m_PrefabInstance: {fileID: 0}
  m_PrefabAsset: {fileID: 0}
  serializedVersion: 6
  m_Component:
  - component: {fileID: 1214823573492720385}
  m_Layer: 0
  m_Name: End
  m_TagString: Untagged
  m_Icon: {fileID: 0}
  m_NavMeshLayer: 0
  m_StaticEditorFlags: 0
  m_IsActive: 1
--- !u!4 &1214823573492720385
Transform:
  m_ObjectHideFlags: 0
  m_CorrespondingSourceObject: {fileID: 0}
  m_PrefabInstance: {fileID: 0}
  m_PrefabAsset: {fileID: 0}
  m_GameObject: {fileID: 3030229337049139306}
  m_LocalRotation: {x: -0, y: -0, z: -0, w: 1}
  m_LocalPosition: {x: 0, y: 7.5, z: 0}
  m_LocalScale: {x: 1, y: 1, z: 1}
  m_Children: []
  m_Father: {fileID: 4833225570948725675}
  m_RootOrder: 6
  m_LocalEulerAnglesHint: {x: 0, y: 0, z: 0}
--- !u!114 &806533787764586389
MonoBehaviour:
  m_ObjectHideFlags: 0
  m_CorrespondingSourceObject: {fileID: 0}
  m_PrefabInstance: {fileID: 0}
  m_PrefabAsset: {fileID: 0}
  m_GameObject: {fileID: 4775193762974189166}
  m_Enabled: 1
  m_EditorHideFlags: 0
  m_Script: {fileID: 11500000, guid: e9e2af716925f6a4180d34888b57708a, type: 3}
  m_Name: 
  m_EditorClassIdentifier: 
  ChanceOfStaying: 0.5
--- !u!1 &4833225570948725716
GameObject:
  m_ObjectHideFlags: 0
  m_CorrespondingSourceObject: {fileID: 0}
  m_PrefabInstance: {fileID: 0}
  m_PrefabAsset: {fileID: 0}
  serializedVersion: 6
  m_Component:
  - component: {fileID: 4833225570948725675}
  - component: {fileID: 2567087252035307794}
  m_Layer: 0
  m_Name: Chunk_5
  m_TagString: Untagged
  m_Icon: {fileID: 0}
  m_NavMeshLayer: 0
  m_StaticEditorFlags: 0
  m_IsActive: 1
--- !u!4 &4833225570948725675
Transform:
  m_ObjectHideFlags: 0
  m_CorrespondingSourceObject: {fileID: 0}
  m_PrefabInstance: {fileID: 0}
  m_PrefabAsset: {fileID: 0}
  m_GameObject: {fileID: 4833225570948725716}
  m_LocalRotation: {x: 0, y: 0, z: 0, w: 1}
  m_LocalPosition: {x: 0, y: 12, z: 0}
  m_LocalScale: {x: 1, y: 1, z: 1}
  m_Children:
  - {fileID: 4775193762974189164}
  - {fileID: 8986482293031099310}
  - {fileID: 8986482292253545037}
  - {fileID: 8986482292108571437}
  - {fileID: 82150586834264178}
  - {fileID: 1468193129942021370}
  - {fileID: 1214823573492720385}
  m_Father: {fileID: 0}
  m_RootOrder: 0
  m_LocalEulerAnglesHint: {x: 0, y: 0, z: 0}
--- !u!114 &2567087252035307794
MonoBehaviour:
  m_ObjectHideFlags: 0
  m_CorrespondingSourceObject: {fileID: 0}
  m_PrefabInstance: {fileID: 0}
  m_PrefabAsset: {fileID: 0}
  m_GameObject: {fileID: 4833225570948725716}
  m_Enabled: 1
  m_EditorHideFlags: 0
  m_Script: {fileID: 11500000, guid: 5dbd2590d4169a44baead607b8d86476, type: 3}
  m_Name: 
  m_EditorClassIdentifier: 
  Begin: {fileID: 1468193129942021370}
  End: {fileID: 1214823573492720385}
  ChanceFromDistance:
    serializedVersion: 2
    m_Curve:
    - serializedVersion: 3
      time: 0
      value: 1
      inSlope: -0.0023333333
      outSlope: -0.0023333333
      tangentMode: 34
      weightedMode: 0
      inWeight: 0
      outWeight: 0.33333334
    - serializedVersion: 3
      time: 300
      value: 0.3
      inSlope: -0.0023333333
      outSlope: -0.0023333333
      tangentMode: 34
      weightedMode: 0
      inWeight: 0.33333334
      outWeight: 0
    m_PreInfinity: 2
    m_PostInfinity: 2
    m_RotationOrder: 4
--- !u!1 &6631771225829102232
GameObject:
  m_ObjectHideFlags: 0
  m_CorrespondingSourceObject: {fileID: 0}
  m_PrefabInstance: {fileID: 0}
  m_PrefabAsset: {fileID: 0}
  serializedVersion: 6
  m_Component:
  - component: {fileID: 1468193129942021370}
  m_Layer: 0
  m_Name: Begin
  m_TagString: Untagged
  m_Icon: {fileID: 0}
  m_NavMeshLayer: 0
  m_StaticEditorFlags: 0
  m_IsActive: 1
--- !u!4 &1468193129942021370
Transform:
  m_ObjectHideFlags: 0
  m_CorrespondingSourceObject: {fileID: 0}
  m_PrefabInstance: {fileID: 0}
  m_PrefabAsset: {fileID: 0}
  m_GameObject: {fileID: 6631771225829102232}
  m_LocalRotation: {x: -0, y: -0, z: -0, w: 1}
  m_LocalPosition: {x: 0, y: -5, z: 0}
  m_LocalScale: {x: 1, y: 1, z: 1}
  m_Children: []
  m_Father: {fileID: 4833225570948725675}
  m_RootOrder: 5
  m_LocalEulerAnglesHint: {x: 0, y: 0, z: 0}
--- !u!1001 &308384957485499132
PrefabInstance:
  m_ObjectHideFlags: 0
  serializedVersion: 2
  m_Modification:
    m_TransformParent: {fileID: 4833225570948725675}
    m_Modifications:
    - target: {fileID: 388508010506871434, guid: db628899b7974f34d938f1d79a81a678,
        type: 3}
      propertyPath: isMoving
      value: 0
      objectReference: {fileID: 0}
    - target: {fileID: 388508010506871437, guid: db628899b7974f34d938f1d79a81a678,
        type: 3}
      propertyPath: m_Name
      value: Saw
      objectReference: {fileID: 0}
    - target: {fileID: 388508010506871438, guid: db628899b7974f34d938f1d79a81a678,
        type: 3}
      propertyPath: m_LocalPosition.x
      value: 2.5
      objectReference: {fileID: 0}
    - target: {fileID: 388508010506871438, guid: db628899b7974f34d938f1d79a81a678,
        type: 3}
      propertyPath: m_LocalPosition.y
      value: 4
      objectReference: {fileID: 0}
    - target: {fileID: 388508010506871438, guid: db628899b7974f34d938f1d79a81a678,
        type: 3}
      propertyPath: m_LocalPosition.z
      value: 0
      objectReference: {fileID: 0}
    - target: {fileID: 388508010506871438, guid: db628899b7974f34d938f1d79a81a678,
        type: 3}
      propertyPath: m_LocalRotation.x
      value: -0
      objectReference: {fileID: 0}
    - target: {fileID: 388508010506871438, guid: db628899b7974f34d938f1d79a81a678,
        type: 3}
      propertyPath: m_LocalRotation.y
      value: -0
      objectReference: {fileID: 0}
    - target: {fileID: 388508010506871438, guid: db628899b7974f34d938f1d79a81a678,
        type: 3}
      propertyPath: m_LocalRotation.z
      value: -0
      objectReference: {fileID: 0}
    - target: {fileID: 388508010506871438, guid: db628899b7974f34d938f1d79a81a678,
        type: 3}
      propertyPath: m_LocalRotation.w
      value: 1
      objectReference: {fileID: 0}
    - target: {fileID: 388508010506871438, guid: db628899b7974f34d938f1d79a81a678,
        type: 3}
      propertyPath: m_RootOrder
      value: 4
      objectReference: {fileID: 0}
    - target: {fileID: 388508010506871438, guid: db628899b7974f34d938f1d79a81a678,
        type: 3}
      propertyPath: m_LocalEulerAnglesHint.x
      value: 0
      objectReference: {fileID: 0}
    - target: {fileID: 388508010506871438, guid: db628899b7974f34d938f1d79a81a678,
        type: 3}
      propertyPath: m_LocalEulerAnglesHint.y
      value: 0
      objectReference: {fileID: 0}
    - target: {fileID: 388508010506871438, guid: db628899b7974f34d938f1d79a81a678,
        type: 3}
      propertyPath: m_LocalEulerAnglesHint.z
      value: 0
      objectReference: {fileID: 0}
    m_RemovedComponents: []
  m_SourcePrefab: {fileID: 100100000, guid: db628899b7974f34d938f1d79a81a678, type: 3}
--- !u!4 &82150586834264178 stripped
Transform:
  m_CorrespondingSourceObject: {fileID: 388508010506871438, guid: db628899b7974f34d938f1d79a81a678,
    type: 3}
  m_PrefabInstance: {fileID: 308384957485499132}
  m_PrefabAsset: {fileID: 0}
--- !u!1001 &4833225570533826293
PrefabInstance:
  m_ObjectHideFlags: 0
  serializedVersion: 2
  m_Modification:
    m_TransformParent: {fileID: 4833225570948725675}
    m_Modifications:
    - target: {fileID: 4586202658828977498, guid: 87776e368d65f8b4eb59fdeb6cad731d,
        type: 3}
      propertyPath: m_Name
      value: _cactus_sold (2)
      objectReference: {fileID: 0}
    - target: {fileID: 4586202658828977499, guid: 87776e368d65f8b4eb59fdeb6cad731d,
        type: 3}
      propertyPath: m_LocalPosition.x
      value: -3.49
      objectReference: {fileID: 0}
    - target: {fileID: 4586202658828977499, guid: 87776e368d65f8b4eb59fdeb6cad731d,
        type: 3}
      propertyPath: m_LocalPosition.y
      value: 2.1500976
      objectReference: {fileID: 0}
    - target: {fileID: 4586202658828977499, guid: 87776e368d65f8b4eb59fdeb6cad731d,
        type: 3}
      propertyPath: m_LocalPosition.z
      value: 0
      objectReference: {fileID: 0}
    - target: {fileID: 4586202658828977499, guid: 87776e368d65f8b4eb59fdeb6cad731d,
        type: 3}
      propertyPath: m_LocalRotation.x
      value: -0
      objectReference: {fileID: 0}
    - target: {fileID: 4586202658828977499, guid: 87776e368d65f8b4eb59fdeb6cad731d,
        type: 3}
      propertyPath: m_LocalRotation.y
      value: 1
      objectReference: {fileID: 0}
    - target: {fileID: 4586202658828977499, guid: 87776e368d65f8b4eb59fdeb6cad731d,
        type: 3}
      propertyPath: m_LocalRotation.z
      value: -0
      objectReference: {fileID: 0}
    - target: {fileID: 4586202658828977499, guid: 87776e368d65f8b4eb59fdeb6cad731d,
        type: 3}
      propertyPath: m_LocalRotation.w
      value: 0
      objectReference: {fileID: 0}
    - target: {fileID: 4586202658828977499, guid: 87776e368d65f8b4eb59fdeb6cad731d,
        type: 3}
      propertyPath: m_RootOrder
      value: 1
      objectReference: {fileID: 0}
    - target: {fileID: 4586202658828977499, guid: 87776e368d65f8b4eb59fdeb6cad731d,
        type: 3}
      propertyPath: m_LocalEulerAnglesHint.x
      value: 0
      objectReference: {fileID: 0}
    - target: {fileID: 4586202658828977499, guid: 87776e368d65f8b4eb59fdeb6cad731d,
        type: 3}
      propertyPath: m_LocalEulerAnglesHint.y
      value: 180
      objectReference: {fileID: 0}
    - target: {fileID: 4586202658828977499, guid: 87776e368d65f8b4eb59fdeb6cad731d,
        type: 3}
      propertyPath: m_LocalEulerAnglesHint.z
      value: 0
      objectReference: {fileID: 0}
    - target: {fileID: 4586202658828977503, guid: 87776e368d65f8b4eb59fdeb6cad731d,
        type: 3}
      propertyPath: angle
      value: 180
      objectReference: {fileID: 0}
    m_RemovedComponents: []
  m_SourcePrefab: {fileID: 100100000, guid: 87776e368d65f8b4eb59fdeb6cad731d, type: 3}
--- !u!4 &8986482293031099310 stripped
Transform:
  m_CorrespondingSourceObject: {fileID: 4586202658828977499, guid: 87776e368d65f8b4eb59fdeb6cad731d,
    type: 3}
  m_PrefabInstance: {fileID: 4833225570533826293}
  m_PrefabAsset: {fileID: 0}
--- !u!1001 &4833225571100561275
PrefabInstance:
  m_ObjectHideFlags: 0
  serializedVersion: 2
  m_Modification:
    m_TransformParent: {fileID: 4833225570948725675}
    m_Modifications:
    - target: {fileID: 96814617739938069, guid: 6a088bbecef0cf94ba0ef30f7ca88e09,
        type: 3}
      propertyPath: m_Name
      value: Branch
      objectReference: {fileID: 0}
    - target: {fileID: 96814617739938071, guid: 6a088bbecef0cf94ba0ef30f7ca88e09,
        type: 3}
      propertyPath: m_LocalPosition.x
      value: -3.3328052
      objectReference: {fileID: 0}
    - target: {fileID: 96814617739938071, guid: 6a088bbecef0cf94ba0ef30f7ca88e09,
        type: 3}
      propertyPath: m_LocalPosition.y
      value: -3.1550462
      objectReference: {fileID: 0}
    - target: {fileID: 96814617739938071, guid: 6a088bbecef0cf94ba0ef30f7ca88e09,
        type: 3}
      propertyPath: m_LocalPosition.z
      value: 0
      objectReference: {fileID: 0}
    - target: {fileID: 96814617739938071, guid: 6a088bbecef0cf94ba0ef30f7ca88e09,
        type: 3}
      propertyPath: m_LocalRotation.x
      value: -0
      objectReference: {fileID: 0}
    - target: {fileID: 96814617739938071, guid: 6a088bbecef0cf94ba0ef30f7ca88e09,
        type: 3}
      propertyPath: m_LocalRotation.y
      value: -0
      objectReference: {fileID: 0}
    - target: {fileID: 96814617739938071, guid: 6a088bbecef0cf94ba0ef30f7ca88e09,
        type: 3}
      propertyPath: m_LocalRotation.z
      value: -0
      objectReference: {fileID: 0}
    - target: {fileID: 96814617739938071, guid: 6a088bbecef0cf94ba0ef30f7ca88e09,
        type: 3}
      propertyPath: m_LocalRotation.w
      value: 1
      objectReference: {fileID: 0}
    - target: {fileID: 96814617739938071, guid: 6a088bbecef0cf94ba0ef30f7ca88e09,
        type: 3}
      propertyPath: m_RootOrder
      value: 0
      objectReference: {fileID: 0}
    - target: {fileID: 96814617739938071, guid: 6a088bbecef0cf94ba0ef30f7ca88e09,
        type: 3}
      propertyPath: m_LocalEulerAnglesHint.x
      value: 0
      objectReference: {fileID: 0}
    - target: {fileID: 96814617739938071, guid: 6a088bbecef0cf94ba0ef30f7ca88e09,
        type: 3}
      propertyPath: m_LocalEulerAnglesHint.y
      value: 0
      objectReference: {fileID: 0}
    - target: {fileID: 96814617739938071, guid: 6a088bbecef0cf94ba0ef30f7ca88e09,
        type: 3}
      propertyPath: m_LocalEulerAnglesHint.z
      value: 0
      objectReference: {fileID: 0}
    m_RemovedComponents: []
  m_SourcePrefab: {fileID: 100100000, guid: 6a088bbecef0cf94ba0ef30f7ca88e09, type: 3}
--- !u!1 &4775193762974189166 stripped
GameObject:
  m_CorrespondingSourceObject: {fileID: 96814617739938069, guid: 6a088bbecef0cf94ba0ef30f7ca88e09,
    type: 3}
  m_PrefabInstance: {fileID: 4833225571100561275}
  m_PrefabAsset: {fileID: 0}
--- !u!4 &4775193762974189164 stripped
Transform:
  m_CorrespondingSourceObject: {fileID: 96814617739938071, guid: 6a088bbecef0cf94ba0ef30f7ca88e09,
    type: 3}
  m_PrefabInstance: {fileID: 4833225571100561275}
  m_PrefabAsset: {fileID: 0}
--- !u!1001 &4833225571312359190
PrefabInstance:
  m_ObjectHideFlags: 0
  serializedVersion: 2
  m_Modification:
    m_TransformParent: {fileID: 4833225570948725675}
    m_Modifications:
    - target: {fileID: 4586202658828977498, guid: 87776e368d65f8b4eb59fdeb6cad731d,
        type: 3}
      propertyPath: m_Name
      value: _cactus_sold (1)
      objectReference: {fileID: 0}
    - target: {fileID: 4586202658828977499, guid: 87776e368d65f8b4eb59fdeb6cad731d,
        type: 3}
      propertyPath: m_LocalPosition.x
      value: -3.5
      objectReference: {fileID: 0}
    - target: {fileID: 4586202658828977499, guid: 87776e368d65f8b4eb59fdeb6cad731d,
        type: 3}
      propertyPath: m_LocalPosition.y
      value: 5.907345
      objectReference: {fileID: 0}
    - target: {fileID: 4586202658828977499, guid: 87776e368d65f8b4eb59fdeb6cad731d,
        type: 3}
      propertyPath: m_LocalPosition.z
      value: 0
      objectReference: {fileID: 0}
    - target: {fileID: 4586202658828977499, guid: 87776e368d65f8b4eb59fdeb6cad731d,
        type: 3}
      propertyPath: m_LocalRotation.x
      value: -0
      objectReference: {fileID: 0}
    - target: {fileID: 4586202658828977499, guid: 87776e368d65f8b4eb59fdeb6cad731d,
        type: 3}
      propertyPath: m_LocalRotation.y
      value: 1
      objectReference: {fileID: 0}
    - target: {fileID: 4586202658828977499, guid: 87776e368d65f8b4eb59fdeb6cad731d,
        type: 3}
      propertyPath: m_LocalRotation.z
      value: -0
      objectReference: {fileID: 0}
    - target: {fileID: 4586202658828977499, guid: 87776e368d65f8b4eb59fdeb6cad731d,
        type: 3}
      propertyPath: m_LocalRotation.w
      value: 0
      objectReference: {fileID: 0}
    - target: {fileID: 4586202658828977499, guid: 87776e368d65f8b4eb59fdeb6cad731d,
        type: 3}
      propertyPath: m_RootOrder
      value: 2
      objectReference: {fileID: 0}
    - target: {fileID: 4586202658828977499, guid: 87776e368d65f8b4eb59fdeb6cad731d,
        type: 3}
      propertyPath: m_LocalEulerAnglesHint.x
      value: 0
      objectReference: {fileID: 0}
    - target: {fileID: 4586202658828977499, guid: 87776e368d65f8b4eb59fdeb6cad731d,
        type: 3}
      propertyPath: m_LocalEulerAnglesHint.y
      value: 180
      objectReference: {fileID: 0}
    - target: {fileID: 4586202658828977499, guid: 87776e368d65f8b4eb59fdeb6cad731d,
        type: 3}
      propertyPath: m_LocalEulerAnglesHint.z
      value: 0
      objectReference: {fileID: 0}
    - target: {fileID: 4586202658828977503, guid: 87776e368d65f8b4eb59fdeb6cad731d,
        type: 3}
      propertyPath: angle
      value: 180
      objectReference: {fileID: 0}
    m_RemovedComponents: []
  m_SourcePrefab: {fileID: 100100000, guid: 87776e368d65f8b4eb59fdeb6cad731d, type: 3}
--- !u!4 &8986482292253545037 stripped
Transform:
  m_CorrespondingSourceObject: {fileID: 4586202658828977499, guid: 87776e368d65f8b4eb59fdeb6cad731d,
    type: 3}
  m_PrefabInstance: {fileID: 4833225571312359190}
  m_PrefabAsset: {fileID: 0}
--- !u!1001 &4833225571457316470
PrefabInstance:
  m_ObjectHideFlags: 0
  serializedVersion: 2
  m_Modification:
    m_TransformParent: {fileID: 4833225570948725675}
    m_Modifications:
    - target: {fileID: 4586202658828977498, guid: 87776e368d65f8b4eb59fdeb6cad731d,
        type: 3}
      propertyPath: m_Name
      value: _cactus_sold
      objectReference: {fileID: 0}
    - target: {fileID: 4586202658828977499, guid: 87776e368d65f8b4eb59fdeb6cad731d,
        type: 3}
      propertyPath: m_LocalPosition.x
      value: 3.47
      objectReference: {fileID: 0}
    - target: {fileID: 4586202658828977499, guid: 87776e368d65f8b4eb59fdeb6cad731d,
        type: 3}
      propertyPath: m_LocalPosition.y
      value: -1.24
      objectReference: {fileID: 0}
    - target: {fileID: 4586202658828977499, guid: 87776e368d65f8b4eb59fdeb6cad731d,
        type: 3}
      propertyPath: m_LocalPosition.z
      value: 0
      objectReference: {fileID: 0}
    - target: {fileID: 4586202658828977499, guid: 87776e368d65f8b4eb59fdeb6cad731d,
        type: 3}
      propertyPath: m_LocalRotation.x
      value: -0
      objectReference: {fileID: 0}
    - target: {fileID: 4586202658828977499, guid: 87776e368d65f8b4eb59fdeb6cad731d,
        type: 3}
      propertyPath: m_LocalRotation.y
      value: -0
      objectReference: {fileID: 0}
    - target: {fileID: 4586202658828977499, guid: 87776e368d65f8b4eb59fdeb6cad731d,
        type: 3}
      propertyPath: m_LocalRotation.z
      value: -0
      objectReference: {fileID: 0}
    - target: {fileID: 4586202658828977499, guid: 87776e368d65f8b4eb59fdeb6cad731d,
        type: 3}
      propertyPath: m_LocalRotation.w
      value: 1
      objectReference: {fileID: 0}
    - target: {fileID: 4586202658828977499, guid: 87776e368d65f8b4eb59fdeb6cad731d,
        type: 3}
      propertyPath: m_RootOrder
      value: 3
      objectReference: {fileID: 0}
    - target: {fileID: 4586202658828977499, guid: 87776e368d65f8b4eb59fdeb6cad731d,
        type: 3}
      propertyPath: m_LocalEulerAnglesHint.x
      value: 0
      objectReference: {fileID: 0}
    - target: {fileID: 4586202658828977499, guid: 87776e368d65f8b4eb59fdeb6cad731d,
        type: 3}
      propertyPath: m_LocalEulerAnglesHint.y
      value: 0
      objectReference: {fileID: 0}
    - target: {fileID: 4586202658828977499, guid: 87776e368d65f8b4eb59fdeb6cad731d,
        type: 3}
      propertyPath: m_LocalEulerAnglesHint.z
      value: 0
      objectReference: {fileID: 0}
    m_RemovedComponents: []
  m_SourcePrefab: {fileID: 100100000, guid: 87776e368d65f8b4eb59fdeb6cad731d, type: 3}
--- !u!4 &8986482292108571437 stripped
Transform:
  m_CorrespondingSourceObject: {fileID: 4586202658828977499, guid: 87776e368d65f8b4eb59fdeb6cad731d,
    type: 3}
  m_PrefabInstance: {fileID: 4833225571457316470}
  m_PrefabAsset: {fileID: 0}
