%YAML 1.1
%TAG !u! tag:unity3d.com,2011:
--- !u!1 &3528499903319014172
GameObject:
  m_ObjectHideFlags: 0
  m_CorrespondingSourceObject: {fileID: 0}
  m_PrefabInstance: {fileID: 0}
  m_PrefabAsset: {fileID: 0}
  serializedVersion: 6
  m_Component:
  - component: {fileID: 3277373041543044559}
  m_Layer: 0
  m_Name: Begin
  m_TagString: Untagged
  m_Icon: {fileID: 0}
  m_NavMeshLayer: 0
  m_StaticEditorFlags: 0
  m_IsActive: 1
--- !u!4 &3277373041543044559
Transform:
  m_ObjectHideFlags: 0
  m_CorrespondingSourceObject: {fileID: 0}
  m_PrefabInstance: {fileID: 0}
  m_PrefabAsset: {fileID: 0}
  m_GameObject: {fileID: 3528499903319014172}
  m_LocalRotation: {x: -0, y: -0, z: -0, w: 1}
  m_LocalPosition: {x: 0, y: -5, z: 0}
  m_LocalScale: {x: 1, y: 1, z: 1}
  m_Children: []
  m_Father: {fileID: 4777175046199701277}
  m_RootOrder: 4
  m_LocalEulerAnglesHint: {x: 0, y: 0, z: 0}
--- !u!1 &4777175046199701274
GameObject:
  m_ObjectHideFlags: 0
  m_CorrespondingSourceObject: {fileID: 0}
  m_PrefabInstance: {fileID: 0}
  m_PrefabAsset: {fileID: 0}
  serializedVersion: 6
  m_Component:
  - component: {fileID: 4777175046199701277}
  - component: {fileID: 5855411034911035425}
  m_Layer: 0
  m_Name: Chunk_6
  m_TagString: Untagged
  m_Icon: {fileID: 0}
  m_NavMeshLayer: 0
  m_StaticEditorFlags: 0
  m_IsActive: 1
--- !u!4 &4777175046199701277
Transform:
  m_ObjectHideFlags: 0
  m_CorrespondingSourceObject: {fileID: 0}
  m_PrefabInstance: {fileID: 0}
  m_PrefabAsset: {fileID: 0}
  m_GameObject: {fileID: 4777175046199701274}
  m_LocalRotation: {x: 0, y: 0, z: 0, w: 1}
  m_LocalPosition: {x: 0, y: 12, z: 0}
  m_LocalScale: {x: 1, y: 1, z: 1}
  m_Children:
  - {fileID: 5406162863712214174}
  - {fileID: 5406162864523407475}
  - {fileID: 7758353787014816427}
  - {fileID: 7758353785542587887}
  - {fileID: 3277373041543044559}
  - {fileID: 7849057765732832959}
  m_Father: {fileID: 0}
  m_RootOrder: 0
  m_LocalEulerAnglesHint: {x: 0, y: 0, z: 0}
--- !u!114 &5855411034911035425
MonoBehaviour:
  m_ObjectHideFlags: 0
  m_CorrespondingSourceObject: {fileID: 0}
  m_PrefabInstance: {fileID: 0}
  m_PrefabAsset: {fileID: 0}
  m_GameObject: {fileID: 4777175046199701274}
  m_Enabled: 1
  m_EditorHideFlags: 0
  m_Script: {fileID: 11500000, guid: 5dbd2590d4169a44baead607b8d86476, type: 3}
  m_Name: 
  m_EditorClassIdentifier: 
  Begin: {fileID: 3277373041543044559}
  End: {fileID: 7849057765732832959}
  ChanceFromDistance:
    serializedVersion: 2
    m_Curve:
    - serializedVersion: 3
      time: 0
      value: 0
      inSlope: 0.005
      outSlope: 0.005
      tangentMode: 34
      weightedMode: 0
      inWeight: 0
      outWeight: 0.33333334
    - serializedVersion: 3
      time: 200
      value: 1
      inSlope: 0.005
      outSlope: 0.005
      tangentMode: 34
      weightedMode: 0
      inWeight: 0.33333334
      outWeight: 0
    m_PreInfinity: 2
    m_PostInfinity: 2
    m_RotationOrder: 4
--- !u!114 &2299705353875031392
MonoBehaviour:
  m_ObjectHideFlags: 0
  m_CorrespondingSourceObject: {fileID: 0}
  m_PrefabInstance: {fileID: 0}
  m_PrefabAsset: {fileID: 0}
  m_GameObject: {fileID: 5406162863712214170}
  m_Enabled: 1
  m_EditorHideFlags: 0
  m_Script: {fileID: 11500000, guid: e9e2af716925f6a4180d34888b57708a, type: 3}
  m_Name: 
  m_EditorClassIdentifier: 
  ChanceOfStaying: 0.4
--- !u!1 &6130743975666731982
GameObject:
  m_ObjectHideFlags: 0
  m_CorrespondingSourceObject: {fileID: 0}
  m_PrefabInstance: {fileID: 0}
  m_PrefabAsset: {fileID: 0}
  serializedVersion: 6
  m_Component:
  - component: {fileID: 7849057765732832959}
  m_Layer: 0
  m_Name: End
  m_TagString: Untagged
  m_Icon: {fileID: 0}
  m_NavMeshLayer: 0
  m_StaticEditorFlags: 0
  m_IsActive: 1
--- !u!4 &7849057765732832959
Transform:
  m_ObjectHideFlags: 0
  m_CorrespondingSourceObject: {fileID: 0}
  m_PrefabInstance: {fileID: 0}
  m_PrefabAsset: {fileID: 0}
  m_GameObject: {fileID: 6130743975666731982}
  m_LocalRotation: {x: -0, y: -0, z: -0, w: 1}
  m_LocalPosition: {x: 0, y: 7.5, z: 0}
  m_LocalScale: {x: 1, y: 1, z: 1}
  m_Children: []
  m_Father: {fileID: 4777175046199701277}
  m_RootOrder: 5
  m_LocalEulerAnglesHint: {x: 0, y: 0, z: 0}
--- !u!1001 &4777175045607891441
PrefabInstance:
  m_ObjectHideFlags: 0
  serializedVersion: 2
  m_Modification:
    m_TransformParent: {fileID: 4777175046199701277}
    m_Modifications:
    - target: {fileID: 3017652325876663130, guid: 97b1d8beffce75d4ca6328d6a123f510,
        type: 3}
      propertyPath: m_LocalPosition.x
      value: -3.3328052
      objectReference: {fileID: 0}
    - target: {fileID: 3017652325876663130, guid: 97b1d8beffce75d4ca6328d6a123f510,
        type: 3}
      propertyPath: m_LocalPosition.y
      value: -2.9139035
      objectReference: {fileID: 0}
    - target: {fileID: 3017652325876663130, guid: 97b1d8beffce75d4ca6328d6a123f510,
        type: 3}
      propertyPath: m_LocalPosition.z
      value: 0
      objectReference: {fileID: 0}
    - target: {fileID: 3017652325876663130, guid: 97b1d8beffce75d4ca6328d6a123f510,
        type: 3}
      propertyPath: m_LocalRotation.x
      value: -0
      objectReference: {fileID: 0}
    - target: {fileID: 3017652325876663130, guid: 97b1d8beffce75d4ca6328d6a123f510,
        type: 3}
      propertyPath: m_LocalRotation.y
      value: -0
      objectReference: {fileID: 0}
    - target: {fileID: 3017652325876663130, guid: 97b1d8beffce75d4ca6328d6a123f510,
        type: 3}
      propertyPath: m_LocalRotation.z
      value: 0.3420201
      objectReference: {fileID: 0}
    - target: {fileID: 3017652325876663130, guid: 97b1d8beffce75d4ca6328d6a123f510,
        type: 3}
      propertyPath: m_LocalRotation.w
      value: 0.9396927
      objectReference: {fileID: 0}
    - target: {fileID: 3017652325876663130, guid: 97b1d8beffce75d4ca6328d6a123f510,
        type: 3}
      propertyPath: m_RootOrder
      value: 2
      objectReference: {fileID: 0}
    - target: {fileID: 3017652325876663130, guid: 97b1d8beffce75d4ca6328d6a123f510,
        type: 3}
      propertyPath: m_LocalEulerAnglesHint.x
      value: 0
      objectReference: {fileID: 0}
    - target: {fileID: 3017652325876663130, guid: 97b1d8beffce75d4ca6328d6a123f510,
        type: 3}
      propertyPath: m_LocalEulerAnglesHint.y
      value: 0
      objectReference: {fileID: 0}
    - target: {fileID: 3017652325876663130, guid: 97b1d8beffce75d4ca6328d6a123f510,
        type: 3}
      propertyPath: m_LocalEulerAnglesHint.z
      value: 40
      objectReference: {fileID: 0}
    - target: {fileID: 3017652325876663134, guid: 97b1d8beffce75d4ca6328d6a123f510,
        type: 3}
      propertyPath: m_ConnectedAnchor.x
      value: -3.576334
      objectReference: {fileID: 0}
    - target: {fileID: 3017652325876663134, guid: 97b1d8beffce75d4ca6328d6a123f510,
        type: 3}
      propertyPath: m_ConnectedAnchor.y
      value: 7.2760887
      objectReference: {fileID: 0}
    - target: {fileID: 3017652325876663135, guid: 97b1d8beffce75d4ca6328d6a123f510,
        type: 3}
      propertyPath: m_Name
      value: Scythe_left (1)
      objectReference: {fileID: 0}
    m_RemovedComponents: []
  m_SourcePrefab: {fileID: 100100000, guid: 97b1d8beffce75d4ca6328d6a123f510, type: 3}
--- !u!4 &7758353787014816427 stripped
Transform:
  m_CorrespondingSourceObject: {fileID: 3017652325876663130, guid: 97b1d8beffce75d4ca6328d6a123f510,
    type: 3}
  m_PrefabInstance: {fileID: 4777175045607891441}
  m_PrefabAsset: {fileID: 0}
--- !u!1001 &4777175045881656907
PrefabInstance:
  m_ObjectHideFlags: 0
  serializedVersion: 2
  m_Modification:
    m_TransformParent: {fileID: 4777175046199701277}
    m_Modifications:
    - target: {fileID: 670300906605734609, guid: 30556ed56b1aff043973ca41c85a257a,
        type: 3}
      propertyPath: m_Name
      value: Scythe_right (1)
      objectReference: {fileID: 0}
    - target: {fileID: 670300906605734610, guid: 30556ed56b1aff043973ca41c85a257a,
        type: 3}
      propertyPath: m_ConnectedAnchor.x
      value: 3.5823462
      objectReference: {fileID: 0}
    - target: {fileID: 670300906605734610, guid: 30556ed56b1aff043973ca41c85a257a,
        type: 3}
      propertyPath: m_ConnectedAnchor.y
      value: 10.210003
      objectReference: {fileID: 0}
    - target: {fileID: 670300906605734613, guid: 30556ed56b1aff043973ca41c85a257a,
        type: 3}
      propertyPath: m_LocalPosition.x
      value: 3.3388147
      objectReference: {fileID: 0}
    - target: {fileID: 670300906605734613, guid: 30556ed56b1aff043973ca41c85a257a,
        type: 3}
      propertyPath: m_LocalPosition.y
      value: 0.01999998
      objectReference: {fileID: 0}
    - target: {fileID: 670300906605734613, guid: 30556ed56b1aff043973ca41c85a257a,
        type: 3}
      propertyPath: m_LocalPosition.z
      value: 0
      objectReference: {fileID: 0}
    - target: {fileID: 670300906605734613, guid: 30556ed56b1aff043973ca41c85a257a,
        type: 3}
      propertyPath: m_LocalRotation.x
      value: -0
      objectReference: {fileID: 0}
    - target: {fileID: 670300906605734613, guid: 30556ed56b1aff043973ca41c85a257a,
        type: 3}
      propertyPath: m_LocalRotation.y
      value: -0
      objectReference: {fileID: 0}
    - target: {fileID: 670300906605734613, guid: 30556ed56b1aff043973ca41c85a257a,
        type: 3}
      propertyPath: m_LocalRotation.z
      value: -0.3420201
      objectReference: {fileID: 0}
    - target: {fileID: 670300906605734613, guid: 30556ed56b1aff043973ca41c85a257a,
        type: 3}
      propertyPath: m_LocalRotation.w
      value: 0.9396927
      objectReference: {fileID: 0}
    - target: {fileID: 670300906605734613, guid: 30556ed56b1aff043973ca41c85a257a,
        type: 3}
      propertyPath: m_RootOrder
      value: 0
      objectReference: {fileID: 0}
    - target: {fileID: 670300906605734613, guid: 30556ed56b1aff043973ca41c85a257a,
        type: 3}
      propertyPath: m_LocalEulerAnglesHint.x
      value: 0
      objectReference: {fileID: 0}
    - target: {fileID: 670300906605734613, guid: 30556ed56b1aff043973ca41c85a257a,
        type: 3}
      propertyPath: m_LocalEulerAnglesHint.y
      value: 0
      objectReference: {fileID: 0}
    - target: {fileID: 670300906605734613, guid: 30556ed56b1aff043973ca41c85a257a,
        type: 3}
      propertyPath: m_LocalEulerAnglesHint.z
      value: -40
      objectReference: {fileID: 0}
    m_RemovedComponents: []
  m_SourcePrefab: {fileID: 100100000, guid: 30556ed56b1aff043973ca41c85a257a, type: 3}
--- !u!1 &5406162863712214170 stripped
GameObject:
  m_CorrespondingSourceObject: {fileID: 670300906605734609, guid: 30556ed56b1aff043973ca41c85a257a,
    type: 3}
  m_PrefabInstance: {fileID: 4777175045881656907}
  m_PrefabAsset: {fileID: 0}
--- !u!4 &5406162863712214174 stripped
Transform:
  m_CorrespondingSourceObject: {fileID: 670300906605734613, guid: 30556ed56b1aff043973ca41c85a257a,
    type: 3}
  m_PrefabInstance: {fileID: 4777175045881656907}
  m_PrefabAsset: {fileID: 0}
--- !u!1001 &4777175045997868725
PrefabInstance:
  m_ObjectHideFlags: 0
  serializedVersion: 2
  m_Modification:
    m_TransformParent: {fileID: 4777175046199701277}
    m_Modifications:
    - target: {fileID: 3017652325876663130, guid: 97b1d8beffce75d4ca6328d6a123f510,
        type: 3}
      propertyPath: m_LocalPosition.x
      value: -3.33
      objectReference: {fileID: 0}
    - target: {fileID: 3017652325876663130, guid: 97b1d8beffce75d4ca6328d6a123f510,
        type: 3}
      propertyPath: m_LocalPosition.y
      value: 2.92
      objectReference: {fileID: 0}
    - target: {fileID: 3017652325876663130, guid: 97b1d8beffce75d4ca6328d6a123f510,
        type: 3}
      propertyPath: m_LocalPosition.z
      value: 0
      objectReference: {fileID: 0}
    - target: {fileID: 3017652325876663130, guid: 97b1d8beffce75d4ca6328d6a123f510,
        type: 3}
      propertyPath: m_LocalRotation.x
      value: -0
      objectReference: {fileID: 0}
    - target: {fileID: 3017652325876663130, guid: 97b1d8beffce75d4ca6328d6a123f510,
        type: 3}
      propertyPath: m_LocalRotation.y
      value: -0
      objectReference: {fileID: 0}
    - target: {fileID: 3017652325876663130, guid: 97b1d8beffce75d4ca6328d6a123f510,
        type: 3}
      propertyPath: m_LocalRotation.z
      value: 0.3420201
      objectReference: {fileID: 0}
    - target: {fileID: 3017652325876663130, guid: 97b1d8beffce75d4ca6328d6a123f510,
        type: 3}
      propertyPath: m_LocalRotation.w
      value: 0.9396927
      objectReference: {fileID: 0}
    - target: {fileID: 3017652325876663130, guid: 97b1d8beffce75d4ca6328d6a123f510,
        type: 3}
      propertyPath: m_RootOrder
      value: 3
      objectReference: {fileID: 0}
    - target: {fileID: 3017652325876663130, guid: 97b1d8beffce75d4ca6328d6a123f510,
        type: 3}
      propertyPath: m_LocalEulerAnglesHint.x
      value: 0
      objectReference: {fileID: 0}
    - target: {fileID: 3017652325876663130, guid: 97b1d8beffce75d4ca6328d6a123f510,
        type: 3}
      propertyPath: m_LocalEulerAnglesHint.y
      value: 0
      objectReference: {fileID: 0}
    - target: {fileID: 3017652325876663130, guid: 97b1d8beffce75d4ca6328d6a123f510,
        type: 3}
      propertyPath: m_LocalEulerAnglesHint.z
      value: 40
      objectReference: {fileID: 0}
    - target: {fileID: 3017652325876663134, guid: 97b1d8beffce75d4ca6328d6a123f510,
        type: 3}
      propertyPath: m_ConnectedAnchor.x
      value: -3.5735288
      objectReference: {fileID: 0}
    - target: {fileID: 3017652325876663134, guid: 97b1d8beffce75d4ca6328d6a123f510,
        type: 3}
      propertyPath: m_ConnectedAnchor.y
      value: 13.109992
      objectReference: {fileID: 0}
    - target: {fileID: 3017652325876663135, guid: 97b1d8beffce75d4ca6328d6a123f510,
        type: 3}
      propertyPath: m_Name
      value: Scythe_left
      objectReference: {fileID: 0}
    m_RemovedComponents: []
  m_SourcePrefab: {fileID: 100100000, guid: 97b1d8beffce75d4ca6328d6a123f510, type: 3}
--- !u!4 &7758353785542587887 stripped
Transform:
  m_CorrespondingSourceObject: {fileID: 3017652325876663130, guid: 97b1d8beffce75d4ca6328d6a123f510,
    type: 3}
  m_PrefabInstance: {fileID: 4777175045997868725}
  m_PrefabAsset: {fileID: 0}
--- !u!1001 &4777175046676814502
PrefabInstance:
  m_ObjectHideFlags: 0
  serializedVersion: 2
  m_Modification:
    m_TransformParent: {fileID: 4777175046199701277}
    m_Modifications:
    - target: {fileID: 670300906605734609, guid: 30556ed56b1aff043973ca41c85a257a,
        type: 3}
      propertyPath: m_Name
      value: Scythe_right
      objectReference: {fileID: 0}
    - target: {fileID: 670300906605734610, guid: 30556ed56b1aff043973ca41c85a257a,
        type: 3}
      propertyPath: m_ConnectedAnchor.x
      value: 3.5421555
      objectReference: {fileID: 0}
    - target: {fileID: 670300906605734610, guid: 30556ed56b1aff043973ca41c85a257a,
        type: 3}
      propertyPath: m_ConnectedAnchor.y
      value: 16.118006
      objectReference: {fileID: 0}
    - target: {fileID: 670300906605734613, guid: 30556ed56b1aff043973ca41c85a257a,
        type: 3}
      propertyPath: m_LocalPosition.x
      value: 3.298624
      objectReference: {fileID: 0}
    - target: {fileID: 670300906605734613, guid: 30556ed56b1aff043973ca41c85a257a,
        type: 3}
      propertyPath: m_LocalPosition.y
      value: 5.9280033
      objectReference: {fileID: 0}
    - target: {fileID: 670300906605734613, guid: 30556ed56b1aff043973ca41c85a257a,
        type: 3}
      propertyPath: m_LocalPosition.z
      value: 0
      objectReference: {fileID: 0}
    - target: {fileID: 670300906605734613, guid: 30556ed56b1aff043973ca41c85a257a,
        type: 3}
      propertyPath: m_LocalRotation.x
      value: -0
      objectReference: {fileID: 0}
    - target: {fileID: 670300906605734613, guid: 30556ed56b1aff043973ca41c85a257a,
        type: 3}
      propertyPath: m_LocalRotation.y
      value: -0
      objectReference: {fileID: 0}
    - target: {fileID: 670300906605734613, guid: 30556ed56b1aff043973ca41c85a257a,
        type: 3}
      propertyPath: m_LocalRotation.z
      value: -0.3420201
      objectReference: {fileID: 0}
    - target: {fileID: 670300906605734613, guid: 30556ed56b1aff043973ca41c85a257a,
        type: 3}
      propertyPath: m_LocalRotation.w
      value: 0.9396927
      objectReference: {fileID: 0}
    - target: {fileID: 670300906605734613, guid: 30556ed56b1aff043973ca41c85a257a,
        type: 3}
      propertyPath: m_RootOrder
      value: 1
      objectReference: {fileID: 0}
    - target: {fileID: 670300906605734613, guid: 30556ed56b1aff043973ca41c85a257a,
        type: 3}
      propertyPath: m_LocalEulerAnglesHint.x
      value: 0
      objectReference: {fileID: 0}
    - target: {fileID: 670300906605734613, guid: 30556ed56b1aff043973ca41c85a257a,
        type: 3}
      propertyPath: m_LocalEulerAnglesHint.y
      value: 0
      objectReference: {fileID: 0}
    - target: {fileID: 670300906605734613, guid: 30556ed56b1aff043973ca41c85a257a,
        type: 3}
      propertyPath: m_LocalEulerAnglesHint.z
      value: -40
      objectReference: {fileID: 0}
    m_RemovedComponents: []
  m_SourcePrefab: {fileID: 100100000, guid: 30556ed56b1aff043973ca41c85a257a, type: 3}
--- !u!4 &5406162864523407475 stripped
Transform:
  m_CorrespondingSourceObject: {fileID: 670300906605734613, guid: 30556ed56b1aff043973ca41c85a257a,
    type: 3}
  m_PrefabInstance: {fileID: 4777175046676814502}
  m_PrefabAsset: {fileID: 0}
