%YAML 1.1
%TAG !u! tag:unity3d.com,2011:
--- !u!1 &4906905972108162666
GameObject:
  m_ObjectHideFlags: 0
  m_CorrespondingSourceObject: {fileID: 0}
  m_PrefabInstance: {fileID: 0}
  m_PrefabAsset: {fileID: 0}
  serializedVersion: 6
  m_Component:
  - component: {fileID: 4906905972108162667}
  - component: {fileID: 9157634555495270224}
  m_Layer: 0
  m_Name: Chunk_9
  m_TagString: Untagged
  m_Icon: {fileID: 0}
  m_NavMeshLayer: 0
  m_StaticEditorFlags: 0
  m_IsActive: 1
--- !u!4 &4906905972108162667
Transform:
  m_ObjectHideFlags: 0
  m_CorrespondingSourceObject: {fileID: 0}
  m_PrefabInstance: {fileID: 0}
  m_PrefabAsset: {fileID: 0}
  m_GameObject: {fileID: 4906905972108162666}
  m_LocalRotation: {x: 0, y: 0, z: 0, w: 1}
  m_LocalPosition: {x: 0, y: 12, z: 0}
  m_LocalScale: {x: 1, y: 1, z: 1}
  m_Children:
  - {fileID: 4718810344921158224}
  - {fileID: 6995970636740662539}
  - {fileID: 6995970635423983340}
  - {fileID: 1643082021531858562}
  - {fileID: 1815517644756858585}
  - {fileID: 1091808265426536258}
  m_Father: {fileID: 0}
  m_RootOrder: 0
  m_LocalEulerAnglesHint: {x: 0, y: 0, z: 0}
--- !u!114 &9157634555495270224
MonoBehaviour:
  m_ObjectHideFlags: 0
  m_CorrespondingSourceObject: {fileID: 0}
  m_PrefabInstance: {fileID: 0}
  m_PrefabAsset: {fileID: 0}
  m_GameObject: {fileID: 4906905972108162666}
  m_Enabled: 1
  m_EditorHideFlags: 0
  m_Script: {fileID: 11500000, guid: 5dbd2590d4169a44baead607b8d86476, type: 3}
  m_Name: 
  m_EditorClassIdentifier: 
  Begin: {fileID: 1815517644756858585}
  End: {fileID: 1091808265426536258}
  ChanceFromDistance:
    serializedVersion: 2
    m_Curve:
    - serializedVersion: 3
      time: 0
      value: 1
      inSlope: -0.0045
      outSlope: -0.0045
      tangentMode: 34
      weightedMode: 0
      inWeight: 0
      outWeight: 0.33333334
    - serializedVersion: 3
      time: 200
      value: 0.1
      inSlope: -0.0045
      outSlope: -0.0045
      tangentMode: 34
      weightedMode: 0
      inWeight: 0.33333334
      outWeight: 0
    m_PreInfinity: 2
    m_PostInfinity: 2
    m_RotationOrder: 4
--- !u!1 &7249943855974594466
GameObject:
  m_ObjectHideFlags: 0
  m_CorrespondingSourceObject: {fileID: 0}
  m_PrefabInstance: {fileID: 0}
  m_PrefabAsset: {fileID: 0}
  serializedVersion: 6
  m_Component:
  - component: {fileID: 1091808265426536258}
  m_Layer: 0
  m_Name: End
  m_TagString: Untagged
  m_Icon: {fileID: 0}
  m_NavMeshLayer: 0
  m_StaticEditorFlags: 0
  m_IsActive: 1
--- !u!4 &1091808265426536258
Transform:
  m_ObjectHideFlags: 0
  m_CorrespondingSourceObject: {fileID: 0}
  m_PrefabInstance: {fileID: 0}
  m_PrefabAsset: {fileID: 0}
  m_GameObject: {fileID: 7249943855974594466}
  m_LocalRotation: {x: -0, y: -0, z: -0, w: 1}
  m_LocalPosition: {x: 0, y: 7.5, z: 0}
  m_LocalScale: {x: 1, y: 1, z: 1}
  m_Children: []
  m_Father: {fileID: 4906905972108162667}
  m_RootOrder: 5
  m_LocalEulerAnglesHint: {x: 0, y: 0, z: 0}
--- !u!1 &9106747262477923531
GameObject:
  m_ObjectHideFlags: 0
  m_CorrespondingSourceObject: {fileID: 0}
  m_PrefabInstance: {fileID: 0}
  m_PrefabAsset: {fileID: 0}
  serializedVersion: 6
  m_Component:
  - component: {fileID: 1815517644756858585}
  m_Layer: 0
  m_Name: Begin
  m_TagString: Untagged
  m_Icon: {fileID: 0}
  m_NavMeshLayer: 0
  m_StaticEditorFlags: 0
  m_IsActive: 1
--- !u!4 &1815517644756858585
Transform:
  m_ObjectHideFlags: 0
  m_CorrespondingSourceObject: {fileID: 0}
  m_PrefabInstance: {fileID: 0}
  m_PrefabAsset: {fileID: 0}
  m_GameObject: {fileID: 9106747262477923531}
  m_LocalRotation: {x: -0, y: -0, z: -0, w: 1}
  m_LocalPosition: {x: 0, y: -5, z: 0}
  m_LocalScale: {x: 1, y: 1, z: 1}
  m_Children: []
  m_Father: {fileID: 4906905972108162667}
  m_RootOrder: 4
  m_LocalEulerAnglesHint: {x: 0, y: 0, z: 0}
--- !u!1001 &4906905970750651727
PrefabInstance:
  m_ObjectHideFlags: 0
  serializedVersion: 2
  m_Modification:
    m_TransformParent: {fileID: 4906905972108162667}
    m_Modifications:
    - target: {fileID: 2670206600628100002, guid: 1ca9b2d88abc6a848a90ead0856c5c13,
        type: 3}
      propertyPath: moveSpeed
      value: 1.8
      objectReference: {fileID: 0}
    - target: {fileID: 2670206600628100003, guid: 1ca9b2d88abc6a848a90ead0856c5c13,
        type: 3}
      propertyPath: m_LocalPosition.x
      value: -2
      objectReference: {fileID: 0}
    - target: {fileID: 2670206600628100003, guid: 1ca9b2d88abc6a848a90ead0856c5c13,
        type: 3}
      propertyPath: m_LocalPosition.y
      value: 0
      objectReference: {fileID: 0}
    - target: {fileID: 2670206600628100003, guid: 1ca9b2d88abc6a848a90ead0856c5c13,
        type: 3}
      propertyPath: m_LocalPosition.z
      value: 0
      objectReference: {fileID: 0}
    - target: {fileID: 2670206600628100003, guid: 1ca9b2d88abc6a848a90ead0856c5c13,
        type: 3}
      propertyPath: m_LocalRotation.x
      value: -0
      objectReference: {fileID: 0}
    - target: {fileID: 2670206600628100003, guid: 1ca9b2d88abc6a848a90ead0856c5c13,
        type: 3}
      propertyPath: m_LocalRotation.y
      value: -0
      objectReference: {fileID: 0}
    - target: {fileID: 2670206600628100003, guid: 1ca9b2d88abc6a848a90ead0856c5c13,
        type: 3}
      propertyPath: m_LocalRotation.z
      value: -0
      objectReference: {fileID: 0}
    - target: {fileID: 2670206600628100003, guid: 1ca9b2d88abc6a848a90ead0856c5c13,
        type: 3}
      propertyPath: m_LocalRotation.w
      value: 1
      objectReference: {fileID: 0}
    - target: {fileID: 2670206600628100003, guid: 1ca9b2d88abc6a848a90ead0856c5c13,
        type: 3}
      propertyPath: m_RootOrder
      value: 2
      objectReference: {fileID: 0}
    - target: {fileID: 2670206600628100003, guid: 1ca9b2d88abc6a848a90ead0856c5c13,
        type: 3}
      propertyPath: m_LocalEulerAnglesHint.x
      value: 0
      objectReference: {fileID: 0}
    - target: {fileID: 2670206600628100003, guid: 1ca9b2d88abc6a848a90ead0856c5c13,
        type: 3}
      propertyPath: m_LocalEulerAnglesHint.y
      value: 0
      objectReference: {fileID: 0}
    - target: {fileID: 2670206600628100003, guid: 1ca9b2d88abc6a848a90ead0856c5c13,
        type: 3}
      propertyPath: m_LocalEulerAnglesHint.z
      value: 0
      objectReference: {fileID: 0}
    - target: {fileID: 2670206600628100030, guid: 1ca9b2d88abc6a848a90ead0856c5c13,
        type: 3}
      propertyPath: m_Name
      value: _bee
      objectReference: {fileID: 0}
    m_RemovedComponents: []
  m_SourcePrefab: {fileID: 100100000, guid: 1ca9b2d88abc6a848a90ead0856c5c13, type: 3}
--- !u!4 &6995970635423983340 stripped
Transform:
  m_CorrespondingSourceObject: {fileID: 2670206600628100003, guid: 1ca9b2d88abc6a848a90ead0856c5c13,
    type: 3}
  m_PrefabInstance: {fileID: 4906905970750651727}
  m_PrefabAsset: {fileID: 0}
--- !u!1001 &4906905971840856286
PrefabInstance:
  m_ObjectHideFlags: 0
  serializedVersion: 2
  m_Modification:
    m_TransformParent: {fileID: 4906905972108162667}
    m_Modifications:
    - target: {fileID: 388508010506871434, guid: db628899b7974f34d938f1d79a81a678,
        type: 3}
      propertyPath: moveDirection.x
      value: -1
      objectReference: {fileID: 0}
    - target: {fileID: 388508010506871434, guid: db628899b7974f34d938f1d79a81a678,
        type: 3}
      propertyPath: moveDirection.y
      value: 0
      objectReference: {fileID: 0}
    - target: {fileID: 388508010506871434, guid: db628899b7974f34d938f1d79a81a678,
        type: 3}
      propertyPath: moveSpeed
      value: 2.2
      objectReference: {fileID: 0}
    - target: {fileID: 388508010506871437, guid: db628899b7974f34d938f1d79a81a678,
        type: 3}
      propertyPath: m_Name
      value: _saw
      objectReference: {fileID: 0}
    - target: {fileID: 388508010506871438, guid: db628899b7974f34d938f1d79a81a678,
        type: 3}
      propertyPath: m_LocalPosition.x
      value: 1.74
      objectReference: {fileID: 0}
    - target: {fileID: 388508010506871438, guid: db628899b7974f34d938f1d79a81a678,
        type: 3}
      propertyPath: m_LocalPosition.y
      value: 5.8680015
      objectReference: {fileID: 0}
    - target: {fileID: 388508010506871438, guid: db628899b7974f34d938f1d79a81a678,
        type: 3}
      propertyPath: m_LocalPosition.z
      value: 0
      objectReference: {fileID: 0}
    - target: {fileID: 388508010506871438, guid: db628899b7974f34d938f1d79a81a678,
        type: 3}
      propertyPath: m_LocalRotation.x
      value: -0
      objectReference: {fileID: 0}
    - target: {fileID: 388508010506871438, guid: db628899b7974f34d938f1d79a81a678,
        type: 3}
      propertyPath: m_LocalRotation.y
      value: -0
      objectReference: {fileID: 0}
    - target: {fileID: 388508010506871438, guid: db628899b7974f34d938f1d79a81a678,
        type: 3}
      propertyPath: m_LocalRotation.z
      value: -0
      objectReference: {fileID: 0}
    - target: {fileID: 388508010506871438, guid: db628899b7974f34d938f1d79a81a678,
        type: 3}
      propertyPath: m_LocalRotation.w
      value: 1
      objectReference: {fileID: 0}
    - target: {fileID: 388508010506871438, guid: db628899b7974f34d938f1d79a81a678,
        type: 3}
      propertyPath: m_RootOrder
      value: 0
      objectReference: {fileID: 0}
    - target: {fileID: 388508010506871438, guid: db628899b7974f34d938f1d79a81a678,
        type: 3}
      propertyPath: m_LocalEulerAnglesHint.x
      value: 0
      objectReference: {fileID: 0}
    - target: {fileID: 388508010506871438, guid: db628899b7974f34d938f1d79a81a678,
        type: 3}
      propertyPath: m_LocalEulerAnglesHint.y
      value: 0
      objectReference: {fileID: 0}
    - target: {fileID: 388508010506871438, guid: db628899b7974f34d938f1d79a81a678,
        type: 3}
      propertyPath: m_LocalEulerAnglesHint.z
      value: 0
      objectReference: {fileID: 0}
    m_RemovedComponents: []
  m_SourcePrefab: {fileID: 100100000, guid: db628899b7974f34d938f1d79a81a678, type: 3}
--- !u!4 &4718810344921158224 stripped
Transform:
  m_CorrespondingSourceObject: {fileID: 388508010506871438, guid: db628899b7974f34d938f1d79a81a678,
    type: 3}
  m_PrefabInstance: {fileID: 4906905971840856286}
  m_PrefabAsset: {fileID: 0}
--- !u!1001 &4906905971871471235
PrefabInstance:
  m_ObjectHideFlags: 0
  serializedVersion: 2
  m_Modification:
    m_TransformParent: {fileID: 4906905972108162667}
    m_Modifications:
    - target: {fileID: 5968873278756413441, guid: 502dbf61327184049b5722b5c11a363a,
        type: 3}
      propertyPath: m_LocalPosition.x
      value: 0
      objectReference: {fileID: 0}
    - target: {fileID: 5968873278756413441, guid: 502dbf61327184049b5722b5c11a363a,
        type: 3}
      propertyPath: m_LocalPosition.y
      value: -3
      objectReference: {fileID: 0}
    - target: {fileID: 5968873278756413441, guid: 502dbf61327184049b5722b5c11a363a,
        type: 3}
      propertyPath: m_LocalPosition.z
      value: 0
      objectReference: {fileID: 0}
    - target: {fileID: 5968873278756413441, guid: 502dbf61327184049b5722b5c11a363a,
        type: 3}
      propertyPath: m_LocalRotation.x
      value: -0
      objectReference: {fileID: 0}
    - target: {fileID: 5968873278756413441, guid: 502dbf61327184049b5722b5c11a363a,
        type: 3}
      propertyPath: m_LocalRotation.y
      value: -0
      objectReference: {fileID: 0}
    - target: {fileID: 5968873278756413441, guid: 502dbf61327184049b5722b5c11a363a,
        type: 3}
      propertyPath: m_LocalRotation.z
      value: -0
      objectReference: {fileID: 0}
    - target: {fileID: 5968873278756413441, guid: 502dbf61327184049b5722b5c11a363a,
        type: 3}
      propertyPath: m_LocalRotation.w
      value: 1
      objectReference: {fileID: 0}
    - target: {fileID: 5968873278756413441, guid: 502dbf61327184049b5722b5c11a363a,
        type: 3}
      propertyPath: m_RootOrder
      value: 3
      objectReference: {fileID: 0}
    - target: {fileID: 5968873278756413441, guid: 502dbf61327184049b5722b5c11a363a,
        type: 3}
      propertyPath: m_LocalEulerAnglesHint.x
      value: 0
      objectReference: {fileID: 0}
    - target: {fileID: 5968873278756413441, guid: 502dbf61327184049b5722b5c11a363a,
        type: 3}
      propertyPath: m_LocalEulerAnglesHint.y
      value: 0
      objectReference: {fileID: 0}
    - target: {fileID: 5968873278756413441, guid: 502dbf61327184049b5722b5c11a363a,
        type: 3}
      propertyPath: m_LocalEulerAnglesHint.z
      value: 0
      objectReference: {fileID: 0}
    - target: {fileID: 5968873278756413443, guid: 502dbf61327184049b5722b5c11a363a,
        type: 3}
      propertyPath: m_Name
      value: _cactus_idle
      objectReference: {fileID: 0}
    m_RemovedComponents: []
  m_SourcePrefab: {fileID: 100100000, guid: 502dbf61327184049b5722b5c11a363a, type: 3}
--- !u!4 &1643082021531858562 stripped
Transform:
  m_CorrespondingSourceObject: {fileID: 5968873278756413441, guid: 502dbf61327184049b5722b5c11a363a,
    type: 3}
  m_PrefabInstance: {fileID: 4906905971871471235}
  m_PrefabAsset: {fileID: 0}
--- !u!1001 &4906905972123553448
PrefabInstance:
  m_ObjectHideFlags: 0
  serializedVersion: 2
  m_Modification:
    m_TransformParent: {fileID: 4906905972108162667}
    m_Modifications:
    - target: {fileID: 2670206600628100000, guid: 1ca9b2d88abc6a848a90ead0856c5c13,
        type: 3}
      propertyPath: m_FlipX
      value: 1
      objectReference: {fileID: 0}
    - target: {fileID: 2670206600628100002, guid: 1ca9b2d88abc6a848a90ead0856c5c13,
        type: 3}
      propertyPath: moveSide.x
      value: -1
      objectReference: {fileID: 0}
    - target: {fileID: 2670206600628100002, guid: 1ca9b2d88abc6a848a90ead0856c5c13,
        type: 3}
      propertyPath: moveHeight.y
      value: -1
      objectReference: {fileID: 0}
    - target: {fileID: 2670206600628100002, guid: 1ca9b2d88abc6a848a90ead0856c5c13,
        type: 3}
      propertyPath: moveSpeed
      value: 2
      objectReference: {fileID: 0}
    - target: {fileID: 2670206600628100003, guid: 1ca9b2d88abc6a848a90ead0856c5c13,
        type: 3}
      propertyPath: m_LocalPosition.x
      value: 2
      objectReference: {fileID: 0}
    - target: {fileID: 2670206600628100003, guid: 1ca9b2d88abc6a848a90ead0856c5c13,
        type: 3}
      propertyPath: m_LocalPosition.y
      value: 3
      objectReference: {fileID: 0}
    - target: {fileID: 2670206600628100003, guid: 1ca9b2d88abc6a848a90ead0856c5c13,
        type: 3}
      propertyPath: m_LocalPosition.z
      value: 0
      objectReference: {fileID: 0}
    - target: {fileID: 2670206600628100003, guid: 1ca9b2d88abc6a848a90ead0856c5c13,
        type: 3}
      propertyPath: m_LocalRotation.x
      value: -0
      objectReference: {fileID: 0}
    - target: {fileID: 2670206600628100003, guid: 1ca9b2d88abc6a848a90ead0856c5c13,
        type: 3}
      propertyPath: m_LocalRotation.y
      value: -0
      objectReference: {fileID: 0}
    - target: {fileID: 2670206600628100003, guid: 1ca9b2d88abc6a848a90ead0856c5c13,
        type: 3}
      propertyPath: m_LocalRotation.z
      value: -0
      objectReference: {fileID: 0}
    - target: {fileID: 2670206600628100003, guid: 1ca9b2d88abc6a848a90ead0856c5c13,
        type: 3}
      propertyPath: m_LocalRotation.w
      value: 1
      objectReference: {fileID: 0}
    - target: {fileID: 2670206600628100003, guid: 1ca9b2d88abc6a848a90ead0856c5c13,
        type: 3}
      propertyPath: m_RootOrder
      value: 1
      objectReference: {fileID: 0}
    - target: {fileID: 2670206600628100003, guid: 1ca9b2d88abc6a848a90ead0856c5c13,
        type: 3}
      propertyPath: m_LocalEulerAnglesHint.x
      value: 0
      objectReference: {fileID: 0}
    - target: {fileID: 2670206600628100003, guid: 1ca9b2d88abc6a848a90ead0856c5c13,
        type: 3}
      propertyPath: m_LocalEulerAnglesHint.y
      value: 0
      objectReference: {fileID: 0}
    - target: {fileID: 2670206600628100003, guid: 1ca9b2d88abc6a848a90ead0856c5c13,
        type: 3}
      propertyPath: m_LocalEulerAnglesHint.z
      value: 0
      objectReference: {fileID: 0}
    - target: {fileID: 2670206600628100030, guid: 1ca9b2d88abc6a848a90ead0856c5c13,
        type: 3}
      propertyPath: m_Name
      value: _bee (1)
      objectReference: {fileID: 0}
    m_RemovedComponents: []
  m_SourcePrefab: {fileID: 100100000, guid: 1ca9b2d88abc6a848a90ead0856c5c13, type: 3}
--- !u!4 &6995970636740662539 stripped
Transform:
  m_CorrespondingSourceObject: {fileID: 2670206600628100003, guid: 1ca9b2d88abc6a848a90ead0856c5c13,
    type: 3}
  m_PrefabInstance: {fileID: 4906905972123553448}
  m_PrefabAsset: {fileID: 0}
